@article{garcia2021energy,
  title={Energy efficiency in software: A case study on sustainability in personal health records},
  author={Garcia-Berna, Jose A and Fernandez-Aleman, Jose L and de Gea, Juan M Carrillo and Toval, Ambrosio and Mancebo, Javier and Calero, Coral and Garcia, Felix},
  journal={Journal of cleaner production},
  volume={282},
  pages={124262},
  year={2021},
  publisher={Elsevier}
}

@article{ribic2014energy,
  title={Energy-efficient work-stealing language runtimes},
  author={Ribic, Haris and Liu, Yu David},
  journal={ACM SIGARCH Computer Architecture News},
  volume={42},
  number={1},
  pages={513--528},
  year={2014},
  publisher={ACM New York, NY, USA}
}

@inproceedings{vijaykrishnan2001energy,
  title={Energy behavior of Java applications from the memory perspective},
  author={Vijaykrishnan, Narayanan and Kandemir, M and Kim, Soontae and Tomar, S and Sivasubramaniam, Anand and Irwin, Mary Jane},
  booktitle={Java (TM) Virtual Machine Research and Technology Symposium (JVM 01)},
  year={2001}
}

@article{tiwari1994power,
  title={Power analysis of embedded software: A first step towards software power minimization},
  author={Tiwari, Vivek and Malik, Sharad and Wolfe, Andrew},
  journal={IEEE Transactions on Very Large Scale Integration (VLSI) Systems},
  volume={2},
  number={4},
  pages={437--445},
  year={1994},
  publisher={IEEE}
}

@inproceedings{albonico2021mining,
  title={Mining energy-related practices in robotics software},
  author={Albonico, Michel and Malavolta, Ivano and Pinto, Gustavo and Guzman, Emitza and Chinnappan, Katerina and Lago, Patricia},
  booktitle={2021 IEEE/ACM 18th International Conference on Mining Software Repositories (MSR)},
  pages={483--494},
  year={2021},
  organization={IEEE}
}

@inproceedings{Yamashita2013,
  author={Yamashita, Aiko and Moonen, Leon},
  booktitle={2013 20th Working Conference on Reverse Engineering (WCRE)}, 
  title={Do developers care about code smells? An exploratory survey}, 
  year={2013},
  volume={},
  number={},
  pages={242-251},
  doi={10.1109/WCRE.2013.6671299}}

@article{Pang2016,
  author={Pang, Candy and Hindle, Abram and Adams, Bram and Hassan, Ahmed E.},
  journal={IEEE Software}, 
  title={What Do Programmers Know about Software Energy Consumption?}, 
  year={2016},
  volume={33},
  number={3},
  pages={83-89},
  doi={10.1109/MS.2015.83}}

@inproceedings{Shanbhag2022,
author = {Shanbhag, Shriram and Chimalakonda, Sridhar and Sharma, Vibhu Saujanya and Kaulgud, Vikrant},
title = {Towards a Catalog of Energy Patterns in Deep Learning Development},
year = {2022},
isbn = {9781450396134},
publisher = {Association for Computing Machinery},
address = {New York, NY, USA},
url = {https://doi.org/10.1145/3530019.3530035},
doi = {10.1145/3530019.3530035},
booktitle = {Proceedings of the 26th International Conference on Evaluation and Assessment in Software Engineering},
pages = {150â€“159},
numpages = {10},
keywords = {patterns, neural networks, energy efficiency, deep learning},
location = {Gothenburg, Sweden},
series = {EASE '22}
}

@inproceedings{schuler2020characterizing,
  title={Characterizing energy consumption of third-party api libraries using api utilization profiles},
  author={Schuler, Andreas and Anderst-Kotsis, Gabriele},
  booktitle={Proceedings of the 14th ACM/IEEE International Symposium on Empirical Software Engineering and Measurement (ESEM)},
  pages={1--11},
  year={2020}
}

@article{strauss1998basics,
  title={Basics of qualitative research techniques},
  author={Strauss, Anselm and Corbin, Juliet},
  year={1998},
  publisher={Citeseer}
}

@book{fink2003survey,
  title={The survey handbook},
  author={Fink, Arlene},
  year={2003},
  publisher={sage}
}

@inproceedings{ghaleb2019software,
  title={Software energy measurement at different levels of granularity},
  author={Ghaleb, Taher Ahmed},
  booktitle={2019 International Conference on Computer and Information Sciences (ICCIS)},
  pages={1--6},
  year={2019},
  organization={IEEE}
}

@inproceedings{kwon2013reducing,
  title={Reducing the energy consumption of mobile applications behind the scenes},
  author={Kwon, Young-Woo and Tilevich, Eli},
  booktitle={2013 IEEE International Conference on Software Maintenance},
  pages={170--179},
  year={2013},
  organization={IEEE}
}

@article{andrae2015global,
  title={On global electricity usage of communication technology: trends to 2030},
  author={Andrae, Anders SG and Edler, Tomas},
  journal={Challenges},
  volume={6},
  number={1},
  pages={117--157},
  year={2015},
  publisher={Multidisciplinary Digital Publishing Institute}
}

@article{taibi2017developers,
  title={How developers perceive smells in source code: A replicated study},
  author={Taibi, Davide and Janes, Andrea and Lenarduzzi, Valentina},
  journal={Information and Software Technology},
  volume={92},
  pages={223--235},
  year={2017},
  publisher={Elsevier}
}

@misc{koomey2007estimating,
  title={Estimating total power consumption by servers in the US and the world},
  author={Koomey, Jonathan G and others},
  year={2007},
  publisher={February}
}

@book{brown1998antipatterns,
  title={AntiPatterns: refactoring software, architectures, and projects in crisis},
  author={Brown, William H and Malveau, Raphael C and McCormick, Hays W" Skip" and Mowbray, Thomas J},
  year={1998},
  publisher={John Wiley \& Sons, Inc.}
}

@inproceedings{lyu2019quantifying,
  title={Quantifying the performance impact of SQL antipatterns on mobile applications},
  author={Lyu, Yingjun and Alotaibi, Ali and Halfond, William GJ},
  booktitle={2019 IEEE International Conference on Software Maintenance and Evolution (ICSME)},
  pages={53--64},
  year={2019},
  organization={IEEE}
}

@article{cruz2019catalog,
  title={Catalog of energy patterns for mobile applications},
  author={Cruz, Luis and Abreu, Rui},
  journal={Empirical Software Engineering},
  volume={24},
  pages={2209--2235},
  year={2019},
  publisher={Springer}
}

@inproceedings{pinto2014understanding,
  title={Understanding energy behaviors of thread management constructs},
  author={Pinto, Gustavo and Castor, Fernando and Liu, Yu David},
  booktitle={Proceedings of the 2014 ACM International Conference on Object Oriented Programming Systems Languages \& Applications},
  pages={345--360},
  year={2014}
}

@inproceedings{ribeiro2021ecoandroid,
  title={Ecoandroid: An android studio plugin for developing energy-efficient java mobile applications},
  author={Ribeiro, Ana and Ferreira, Jo{\~a}o F and Mendes, Alexandra},
  booktitle={2021 IEEE 21st International Conference on Software Quality, Reliability and Security (QRS)},
  pages={62--69},
  year={2021},
  organization={IEEE}
}

@article{georgiou2019software,
  title={Software development lifecycle for energy efficiency: techniques and tools},
  author={Georgiou, Stefanos and Rizou, Stamatia and Spinellis, Diomidis},
  journal={ACM Computing Surveys (CSUR)},
  volume={52},
  number={4},
  pages={1--33},
  year={2019},
  publisher={ACM New York, NY, USA}
}

@inproceedings{abbes2011empirical,
  title={An empirical study of the impact of two antipatterns, blob and spaghetti code, on program comprehension},
  author={Abbes, Marwen and Khomh, Foutse and Gueheneuc, Yann-Gael and Antoniol, Giuliano},
  booktitle={2011 15Th european conference on software maintenance and reengineering},
  pages={181--190},
  year={2011},
  organization={IEEE}
}

@INPROCEEDINGS{Luis19a,
  author={Cruz, Luis and Abreu, Rui and Grundy, John and Li, Li and Xia, Xin},
  booktitle={2019 IEEE International Conference on Software Maintenance and Evolution (ICSME)}, 
  title={Do Energy-Oriented Changes Hinder Maintainability?}, 
  year={2019},
  volume={},
  number={},
  pages={29-40},
  doi={10.1109/ICSME.2019.00013}}

@inproceedings{manotas2016empirical,
  title={An empirical study of practitioners' perspectives on green software engineering},
  author={Manotas, Irene and Bird, Christian and Zhang, Rui and Shepherd, David and Jaspan, Ciera and Sadowski, Caitlin and Pollock, Lori and Clause, James},
  booktitle={Proceedings of the 38th international conference on software engineering},
  pages={237--248},
  year={2016}
}

@misc{Wattsup,
	key    = {wattsupmeters},
	title  = {{Watts Up?} Pro},
	url    = {https://ww12.wattsupmeters.com/secure/products.php?},
	note    = {https://ww12.wattsupmeters.com/secure/products.php?},
	year   = {accessed 13 Aug 2023}
}

@misc{greenspector,
	key    = {greenspector},
	title  = {Greenspector},
	url    = {https://greenspector.com/en/which-image-format-to-choose-to-reduce-its-energy-consumption-and-its-environmental-impact/},
	note    = {https://greenspector.com/en/which-image-format-to-choose-to-reduce-its-energy-consumption-and-its-environmental-impact/},
	year   = {accessed 13 Aug 2023}
}

@misc{powergadget,
	key    = {powergadget},
	title  = {Intel Power Gadget},
	url    = {https://www.intel.com/content/www/us/en/developer/articles/tool/power-gadget.html},
	note    = {https://www.intel.com/content/www/us/en/developer/articles/tool/power-gadget.html},
	year   = {accessed 13 Aug 2023}
}

@inproceedings{vsimunic1999cycle,
  title={Cycle-accurate simulation of energy consumption in embedded systems},
  author={{\v{S}}imuni{\'c}, Tajana and Benini, Luca and De Micheli, Giovanni},
  booktitle={Proceedings of the 36th annual ACM/IEEE Design Automation Conference},
  pages={867--872},
  year={1999}
}

@misc{do2009ptop,
  title={ptop: A process-level power profiling tool},
  author={Do, Thanh and Rawshdeh, Suhib and Shi, Weisong},
  year={2009},
  publisher={Citeseer}
}

@inproceedings{bruce2015reducing,
  title={Reducing energy consumption using genetic improvement},
  author={Bruce, Bobby R and Petke, Justyna and Harman, Mark},
  booktitle={Proceedings of the 2015 Annual Conference on Genetic and Evolutionary Computation},
  pages={1327--1334},
  year={2015}
}

@inproceedings{carccao2014measuring,
  title={Measuring and visualizing energy consumption within software code},
  author={Car{\c{c}}ao, Tiago},
  booktitle={2014 IEEE Symposium on Visual Languages and Human-Centric Computing (VL/HCC)},
  pages={181--182},
  year={2014},
  organization={IEEE}
}

@inproceedings{mehta1996instruction,
  title={Instruction level power profiling},
  author={Mehta, Huzefa and Owens, Robert Michael and Irwin, Mary Jane},
  booktitle={1996 IEEE International Conference on Acoustics, Speech, and Signal Processing Conference Proceedings},
  volume={6},
  pages={3326--3329},
  year={1996},
  organization={IEEE}
}

@inproceedings{zhang2021red,
  title={Red alert for power leakage: Exploiting intel rapl-induced side channels},
  author={Zhang, Zhenkai and Liang, Sisheng and Yao, Fan and Gao, Xing},
  booktitle={Proceedings of the 2021 ACM Asia Conference on Computer and Communications Security},
  pages={162--175},
  year={2021}
}

@article{shanbhag2022energy,
  title={On the Energy Consumption of Different Dataframe Processing Libraries--An Exploratory Study},
  author={Shanbhag, Shriram and Chimalakonda, Sridhar},
  journal={arXiv preprint arXiv:2209.05258},
  year={2022}
}

@article{singh2010atom,
  title={The atom LEAP platform for energy-efficient embedded computing},
  author={Singh, Digvijay and Kaiser, William J},
  journal={Center for Embedded Network Sensing},
  year={2010}
}

@misc{github_retry_demo,
    howpublished ={\url{https://github.com/hipjim/scala-retry}} ,
    note = {Last accessed Sep 2023}
}

@misc{latency_video,
    howpublished ={\url{https://www.haivision.com/glossary/video-latency/}} ,
    note = {Last accessed Sep 2023}
}

@misc{facebook,
    howpublished ={\url{https://www.facebook.com}} ,
    note = {Last accessed Sep 2023}
}

